<record><leader>00000cas a2200000 a 4500</leader><controlfield tag="001">55792085</controlfield><controlfield tag="007">hd afa015baca</controlfield><controlfield tag="008">040630d19621972iludn nea     0   b0fre c</controlfield><datafield ind1=" " ind2=" " tag="010"><subfield code="a">  2004225237</subfield></datafield><datafield ind1=" " ind2=" " tag="040"><subfield code="a">CRL</subfield><subfield code="b">eng</subfield><subfield code="c">CRL</subfield><subfield code="d">OCLCQ</subfield><subfield code="d">OCLCF</subfield><subfield code="d">OCLCO</subfield></datafield><datafield ind1="1" ind2=" " tag="029"><subfield code="a">AU@</subfield><subfield code="b">000025950712</subfield></datafield><datafield ind1=" " ind2=" " tag="042"><subfield code="a">pcc</subfield></datafield><datafield ind1=" " ind2=" " tag="043"><subfield code="a">f-cg---</subfield></datafield><datafield ind1="0" ind2=" " tag="130"><subfield code="a">Progre&#768;s (Kinshasa, Congo)</subfield></datafield><datafield ind1="1" ind2="3" tag="245"><subfield code="a">Le progre&#768;s</subfield><subfield code="h">[microform].</subfield></datafield><datafield ind1=" " ind2=" " tag="260"><subfield code="a">Leopoldville :</subfield><subfield code="b">Le Progre&#769;s,</subfield><subfield code="c">[1962-1972]</subfield></datafield><datafield ind1=" " ind2=" " tag="300"><subfield code="a">10 v. :</subfield><subfield code="b">ill.</subfield></datafield><datafield ind1=" " ind2=" " tag="310"><subfield code="a">Daily (Combined Sat./Sun. issue)</subfield></datafield><datafield ind1="0" ind2=" " tag="362"><subfield code="a">1. anne&#769;e, no 1 (1. aou&#770;t 1962)-10. anne&#769;e, nos 790-791 (4 et 5 mars 1972).</subfield></datafield><datafield ind1=" " ind2=" " tag="500"><subfield code="a">"Quotidien d'action national."</subfield></datafield><datafield ind1=" " ind2=" " tag="533"><subfield code="a">Microfilm.</subfield><subfield code="m">Apr. 25/26-Dec. 1970:[Gaps]</subfield><subfield code="b">[Evanston, Ill.] :</subfield><subfield code="c">[Microfilmed for] Northwestern University Library Preservation Dept., CIC Cooperative Microfilming Project [by] University of Chicago Library Photoduplication Laboratory, Chicago, Ill.,</subfield><subfield code="d">1989.</subfield><subfield code="e">1 microfilm reel ; 35 mm.</subfield><subfield code="n">MN #CICN-32 NUS.</subfield></datafield><datafield ind1=" " ind2="0" tag="651"><subfield code="a">Kinshasa (Congo)</subfield><subfield code="v">Newspapers.</subfield></datafield><datafield ind1=" " ind2="0" tag="651"><subfield code="a">Congo (Democratic Republic)</subfield><subfield code="v">Newspapers.</subfield></datafield><datafield ind1=" " ind2="7" tag="655"><subfield code="a">Newspapers.</subfield><subfield code="2">fast</subfield><subfield code="0">(OCoLC)fst01423814</subfield></datafield><datafield ind1=" " ind2="7" tag="651"><subfield code="a">Congo (Democratic Republic)</subfield><subfield code="2">fast</subfield><subfield code="0">(OCoLC)fst01208723</subfield></datafield><datafield ind1=" " ind2="7" tag="651"><subfield code="a">Congo (Democratic Republic)</subfield><subfield code="z">Kinshasa.</subfield><subfield code="2">fast</subfield><subfield code="0">(OCoLC)fst01203892</subfield></datafield><datafield ind1=" " ind2=" " tag="752"><subfield code="a">Congo (Democratic Republic)</subfield><subfield code="d">Kinshasa.</subfield></datafield><datafield ind1="1" ind2=" " tag="776"><subfield code="c">Original</subfield><subfield code="w">(DLC)sn 92020676</subfield><subfield code="w">(OCoLC)12255426</subfield></datafield><datafield ind1="0" ind2="0" tag="785"><subfield code="t">Salongo (Kinshasa, Congo : 1972)</subfield></datafield></record>